<?xml version="1.0" encoding="UTF-8" ?>
<marc:record xmlns:marc="http://www.loc.gov/MARC21/slim">
<marc:leader>00940cam a22002651  45 0</marc:leader>
<marc:controlfield tag="001">ocm03476917</marc:controlfield>

<marc:controlfield tag="003">OCoLC</marc:controlfield>

<marc:controlfield tag="005">20100727083822.0</marc:controlfield>

<marc:controlfield tag="008">820626s1881    stk           000 0 eng  </marc:controlfield>

<marc:datafield tag="035" ind1=" " ind2=" ">
<marc:subfield code="a">(Sirsi) r03476917</marc:subfield>
</marc:datafield>

<marc:datafield tag="040" ind1=" " ind2=" ">
<marc:subfield code="a">NLM</marc:subfield>
<marc:subfield code="c">NLM</marc:subfield>
<marc:subfield code="d">GSU</marc:subfield>
<marc:subfield code="d">KRTAS</marc:subfield>
<marc:subfield code="d">AUD</marc:subfield>
</marc:datafield>

<marc:datafield tag="100" ind1="1" ind2=" ">
<marc:subfield code="a">Cleland, John,</marc:subfield>
<marc:subfield code="d">1835-1925</marc:subfield>
</marc:datafield>

<marc:datafield tag="245" ind1="1" ind2="0">
<marc:subfield code="a">Evolution, expression, and sensation, cell life and pathology /</marc:subfield>
<marc:subfield code="b">y John Cleland</marc:subfield>
</marc:datafield>

<marc:datafield tag="260" ind1=" " ind2=" ">
<marc:subfield code="a">Glasgow,</marc:subfield>
<marc:subfield code="b">James Maclehose,</marc:subfield>
<marc:subfield code="c">1881</marc:subfield>
</marc:datafield>

<marc:datafield tag="300" ind1=" " ind2=" ">
<marc:subfield code="a">xvi, 158 p. ;</marc:subfield>
<marc:subfield code="c">20 cm.</marc:subfield>
</marc:datafield>

<marc:datafield tag="504" ind1=" " ind2=" ">
<marc:subfield code="a">Includes bibliographical references.</marc:subfield>
</marc:datafield>

<marc:datafield tag="515" ind1=" " ind2=" ">
<marc:subfield code="a">DC AD 467</marc:subfield>
</marc:datafield>

<marc:datafield tag="541" ind1="1" ind2=" ">
<marc:subfield code="a">C.C. Kohler ;</marc:subfield>
<marc:subfield code="c">Purchase ;</marc:subfield>
<marc:subfield code="d">2006</marc:subfield>
</marc:datafield>

<marc:datafield tag="500" ind1=" " ind2=" ">
<marc:subfield code="a">Publisher's advertisements: 16 p. at end.</marc:subfield>
</marc:datafield>

<marc:datafield tag="592" ind1=" " ind2=" ">
<marc:subfield code="a">Scanned for Darwin Library and BHL.</marc:subfield>
</marc:datafield>

<marc:datafield tag="690" ind1=" " ind2=" ">
<marc:subfield code="a">Evolution (Biology)</marc:subfield>
</marc:datafield>

<marc:controlfield tag="001">catkey 413922</marc:controlfield>

<marc:datafield tag="948" ind1=" " ind2=" ">
<marc:subfield code="h">NO HOLDINGS IN N8Q - 27 OTHER HOLDINGS</marc:subfield>
</marc:datafield>

<marc:datafield tag="596" ind1=" " ind2=" ">
<marc:subfield code="a">4</marc:subfield>
</marc:datafield>

<marc:datafield tag="999" ind1=" " ind2=" ">
<marc:subfield code="a">DARWIN DC AD 467</marc:subfield>
<marc:subfield code="w">ALPHANUM</marc:subfield>
<marc:subfield code="c">1</marc:subfield>
<marc:subfield code="i">413922-1001</marc:subfield>
<marc:subfield code="l">SHELVES</marc:subfield>
<marc:subfield code="m">GENERAL</marc:subfield>
<marc:subfield code="r">Y</marc:subfield>
<marc:subfield code="s">Y</marc:subfield>
<marc:subfield code="t">BOOK</marc:subfield>
<marc:subfield code="u">27/7/2010</marc:subfield>
<marc:subfield code="x">SERIALS</marc:subfield>
<marc:subfield code="z">OCTAVO</marc:subfield>
</marc:datafield>

</marc:record>
